@Manual{NTC1486,
	title = {Documentación. Presentación de tesis, trabajos de grado y otros trabajos de investigación},
	author = {{ICONTEC}},
	organization = {Instituto Colombiano de Normas Técnicas y Certificación},
	address = {Apartado 14237, Bogotá D. C.},
	edition = {Sexta},
	month = {Agosto},
	year = {2008},
	}
@Manual{NTC5613,
	title = {Referencias bibliográficas. Contenido, forma y estructura},
	author = {{ICONTEC}},
	organization = {Instituto Colombiano de Normas Técnicas y Certificación},
	address = {Apartado 14237, Bogotá D. C.},
	month = {Julio},
	year = {2008},
	}
@Manual{Harvard:2008,
	title = {The {H}arvard {F}amily of {B}ibliography {S}tyles},
	author = {Peter Williams and Thorsten Schnier},
	month = {Noviembre},
	year = {2008},
	url = {ftp://ftp.tex.ac.uk/tex-archive/macros/latex/contrib/harvard/harvard.pdf},
	}
@Manual{Natbib:2010,
	title = {Natural {S}ciences {C}itations and {R}eferences},
	author = {Patrick W. Daly},
	month = {Septiembre},
	year = {2010},
	url = {ftp://ftp.tex.ac.uk/tex-archive/macros/latex/contrib/natbib/natbib.pdf},
	}
@Manual{Natbib:2010RS,
	title = {Reference sheet for natbib usage (Describing version 8.31b)},
	author = {Patrick W. Daly},
	month = {Septiembre},
	year = {2010},
	url = {ftp://ftp.tex.ac.uk/tex-archive/macros/latex/contrib/natbib/natnotes.pdf},
	}
@Manual{R,
    title = {R: A Language and Environment for Statistical Computing},
    author = {{R Core Team}},
    organization = {R Foundation for Statistical Computing},
    address = {Vienna, Austria},
    year = {2012},
    note = {http://www.R-project.org/},
	}
@Book{Graybill:1976,
	author = {Graybill, Franklin A.},
	title = {Theory and Application of the Linear Model},
	publisher = {Wadsworth \& Brooks},
	address = {Pacific Grove, California},
	year = {1976}
	}
@Book{Draper:Smith:1998,
	author = {Draper, Norman R. and Smith, Harry},
	title = {Applied Regression Analysis},
	edition = {3ra.},
	publisher = {John Wiley \& Sons},
	address = {New York, NY},
	year = {1998}
	}
@Book{Neter:1990,
	author = {Neter, John and Wasserman, William and Kutner, Michael H.},
	title = {Applied Linear Statistical Models},
	publisher = {Irwin},
	address = {Burr Ridge, Illinois},
	year = {1990},
	edition = {3ra.}
	}
@Book{Seber:1977,
	author = {Seber, G. A. F.},
	title = {Linear Regression Analysis},
	publisher = {John Wiley \& Sons},
	address = {New York, NY},
	year = {1977}
	}
@Book{Searle:1971,
	author = {Searle, S. R.},
	title = {Linear Models},
	publisher = {John Wiley \& Sons},
	address = {New York, NY},
	year = {1971}
	}
@ARTICLE{Wood:2003,
	author = {Simon N. Wood},
	title = {Thin-plate regression splines},
	journal = {Journal of the Royal Statistical Society (B)},
	year = {2003},
	volume = {65},
	number = {1},
	pages = {95-114},
	}
@Book{Eubank:1999,
	author = {Eubank, Randall L.},
	title = {Nonparametric Regression and Spline Smoothing},
	edition = {Second},
	publisher = {Marcel Dekker},
	address = {New York, NY},
	year = {1999}
	}
@BOOK{Sarkar:2008,
    title = {Lattice: Multivariate Data Visualization with R},
    author = {Deepayan Sarkar},
    publisher = {Springer},
    address = {New York},
    year = {2008},
    note = {ISBN 978-0-387-75968-5},
    url = {http://lmdvr.r-forge.r-project.org},
  }
  
@PhdThesis{AC1,
author = {EDUARDO VIDAL IZQUIERDO},
title = {Epidemiolog\'ia de Plum pox virus y Citrus tristeza virus en bloques de plantas de vivero. M\'etodos de control},
school = {UNIVERSIDAD POLIT\'ECNICA DE VALENCIA},
year = {2010},
address = {Valencia}
}

@Article{AC2,
author = {A. P\'EREZ-SIERRA AND B. MORA-SALA AND M. LE\'ON AND J. GARC\'IA-JIM\'ENEZ AND P. ABAD-CAMPOS},
title = {Enfermedades causadas por Phytophthora en viveros de plantas ornamentales},
school = {UNIVERSIDAD POLIT\'ECNICA DE VALENCIA},
address = {Valencia},
journal = {Bolet\'in de Sanidad Vegetal Plagas},
year = {2012},
number = {38},
pages = {143-156}
}

@Article{AC3,
author = {Jennifer L. Parke AND Brian J. Knaus AND Valerie J. Fieland AND Carrie Lewis AND Niklaus J. Gr\''unwald},
title = {Phytophthora Community Structure Analyses in Oregon Nurseries Inform Systems Approaches to Disease Management},
journal = {PHYTOPATHOLOGY},
year = {2014},
volume = {104},
number = {10},
pages = {1052-1062},
month = {10}
}

@Article{AC4,
author = {Lu\'is Matos AND Julio Borb\'on},
title = {El Virus de la Tristeza de los Citricos (CTV) en Plantaciones Comerciales y Viveros de la Rep\'ublica Dominicana},
journal = {CARIBBEAN FOOD CROPS SOCIETY},
year = {2008},
volume = {44},
number = {2},
pages = {204-211},
address={Miami, Florida}
}

@MastersThesis{AC5,
author = {Carlos Joel Melgara Maradiaga},
title = {Ocurrencia de Huanglongbing (Candidatus Liberibacter asiaticus) y su vector [Diaphorina citri Kuwayama (Hemiptera: Liviidae)] en viveros de c\'itricos de Masaya},
school = {UNIVERSIDAD NACIONAL AGRARIA},
year = {2018},
address = {Managua, Nicaragua},
month = {8}
}

@Article{AE1,
author = {Abad Corpa, E. and Leal Llopis and J.,Paredes Sidrach de Cardona, A. and Garc\'ia Palomares, A.},
title = {MONITORIZACI\'ON DEL CUMPLIMIENTO DEL PROTOCOLO DE MANTENIMIENTO DE LA CATETERIZACI\'ON VENOSA MEDIANTE EL M\'ETODO LQAS},
journal = {Enfermer\'ia global},
year = {2004},
number = {5},
month = {11}
}

@Article{AE2,
author = {Youssef Tawfik and Shamsul Hoque and Mizan Siddiqi},
title = {Using lot quality assurance sampling to improve immunization coverage in Bangladesh},
journal = {Bulletin of the World Health Organization},
year = {2001},
volume = {79},
number = {6},
pages = {501-505}
}

@Article{AE3,
author = {Jos\'e A Andreo and Matilde Barrio and Rosa M Ramos and Miguel Torralba and Faustino Herrero and Pedro J Saturno},
title = {Evaluaci\'on, mejora y monitorizaci\'on de la adecuaci\'on de ingreso y estancia en medicina interna con el muestreo de aceptaci\'on de lotes},
journal = {Revista de Calidad Asistencial},
year = {2000},
volume = {15},
pages = {88-92}
}

@Article{AE4,
author = {Mark Myatt and Hans Limburg and Darwin Minassian and Damson Katyola},
title = {Field trial of applicability of lot quality assurance sampling survey method for rapid assessment of prevalence of active trachoma},
journal = {Bulletin of the World Health Organization},
year = {2003},
volume = {81},
pages = {877-885}
}

@TechReport{CTV,
title = {PD 15:
Virus de la tristeza
de los cítricos},
institution = {Convención Internacional de Protección Fitosanitaria (CIPF)},
year = {2016},
}

@TechReport{HLB,
title = {HLB: Aspectos generales de la enfermedad},
author={Elena Pérez Faggiani},
institution = {Instituto Nacional de Investigación Agropecuaria},
year = {2009},
}

@TechReport{EXO,
title = {LA EXOCORTIS DE LOS CITRICOS: SU CONTROL EN LAS NUEVAS PLANTACIONES},
author={N. Durán-Vila},
institution = {Instituto Valenciano de Investigaciones Agrarias},
}

@TechReport{MUES,
title = {NIMF n. 31 METODOLOG\'{i}AS PARA MUESTREO DE ENV\'{i}OS},
institution = {Convención Internacional de Protección Fitosanitaria},
year={2008},
}

@Book{M,
author = {César Pérez},
title = {Técnicas de muestreo estadístico},
year = {2010},
pages={119-166}
}

@Book{ACEP,
author = {Arturo Ruiz-Falcó Rojas},
title = {MUESTREOS DE ACEPTACIÓN},
year = {2006},
address = {Madrid},
month = {02},
institution={Universidad Pontificia Comillas}
}

@Misc{LEP,
title = {Leprosis de los Cítricos ?PRC? (Citrus leprosis virus)},
howpublished = {\url{http://www.cesvver.org.mx/leprosis-de-los-citricos-prc-citrus-leprosis-virus/}},
institution = {Comité estatal de sanidad vegetal de Veracruz},
}

@Book{OPE,
author = {Roberto Carro Paz \& Daniel González Gómez},
title = {Administración de las operaciones: Muestreo de aceptación},
institution={Universidad Nacional de Mar de Plata}
}