@Manual{NTC1486,
	title = {Documentación. Presentación de tesis, trabajos de grado y otros trabajos de investigación},
	author = {{ICONTEC}},
	organization = {Instituto Colombiano de Normas Técnicas y Certificación},
	address = {Apartado 14237, Bogotá D. C.},
	edition = {Sexta},
	month = {Agosto},
	year = {2008},
	}
@Manual{NTC5613,
	title = {Referencias bibliográficas. Contenido, forma y estructura},
	author = {{ICONTEC}},
	organization = {Instituto Colombiano de Normas Técnicas y Certificación},
	address = {Apartado 14237, Bogotá D. C.},
	month = {Julio},
	year = {2008},
	}
@Manual{Harvard:2008,
	title = {The {H}arvard {F}amily of {B}ibliography {S}tyles},
	author = {Peter Williams and Thorsten Schnier},
	month = {Noviembre},
	year = {2008},
	url = {ftp://ftp.tex.ac.uk/tex-archive/macros/latex/contrib/harvard/harvard.pdf},
	}
@Manual{Natbib:2010,
	title = {Natural {S}ciences {C}itations and {R}eferences},
	author = {Patrick W. Daly},
	month = {Septiembre},
	year = {2010},
	url = {ftp://ftp.tex.ac.uk/tex-archive/macros/latex/contrib/natbib/natbib.pdf},
	}
@Manual{Natbib:2010RS,
	title = {Reference sheet for natbib usage (Describing version 8.31b)},
	author = {Patrick W. Daly},
	month = {Septiembre},
	year = {2010},
	url = {ftp://ftp.tex.ac.uk/tex-archive/macros/latex/contrib/natbib/natnotes.pdf},
	}
@Manual{R,
    title = {R: A Language and Environment for Statistical Computing},
    author = {{R Core Team}},
    organization = {R Foundation for Statistical Computing},
    address = {Vienna, Austria},
    year = {2012},
    note = {http://www.R-project.org/},
	}
@Book{Graybill:1976,
	author = {Graybill, Franklin A.},
	title = {Theory and Application of the Linear Model},
	publisher = {Wadsworth \& Brooks},
	address = {Pacific Grove, California},
	year = {1976}
	}
@Book{Draper:Smith:1998,
	author = {Draper, Norman R. and Smith, Harry},
	title = {Applied Regression Analysis},
	edition = {3ra.},
	publisher = {John Wiley \& Sons},
	address = {New York, NY},
	year = {1998}
	}
@Book{Neter:1990,
	author = {Neter, John and Wasserman, William and Kutner, Michael H.},
	title = {Applied Linear Statistical Models},
	publisher = {Irwin},
	address = {Burr Ridge, Illinois},
	year = {1990},
	edition = {3ra.}
	}
@Book{Seber:1977,
	author = {Seber, G. A. F.},
	title = {Linear Regression Analysis},
	publisher = {John Wiley \& Sons},
	address = {New York, NY},
	year = {1977}
	}
@Book{Searle:1971,
	author = {Searle, S. R.},
	title = {Linear Models},
	publisher = {John Wiley \& Sons},
	address = {New York, NY},
	year = {1971}
	}
@ARTICLE{Wood:2003,
	author = {Simon N. Wood},
	title = {Thin-plate regression splines},
	journal = {Journal of the Royal Statistical Society (B)},
	year = {2003},
	volume = {65},
	number = {1},
	pages = {95-114},
	}
@Book{Eubank:1999,
	author = {Eubank, Randall L.},
	title = {Nonparametric Regression and Spline Smoothing},
	edition = {Second},
	publisher = {Marcel Dekker},
	address = {New York, NY},
	year = {1999}
	}
@BOOK{Sarkar:2008,
    title = {Lattice: Multivariate Data Visualization with R},
    author = {Deepayan Sarkar},
    publisher = {Springer},
    address = {New York},
    year = {2008},
    note = {ISBN 978-0-387-75968-5},
    url = {http://lmdvr.r-forge.r-project.org},
  }