@PhdThesis{AC1,
author = {EDUARDO VIDAL IZQUIERDO},
title = {Epidemiolog\'ia de Plum pox virus y Citrus tristeza virus en bloques de plantas de vivero. M\'etodos de control},
school = {UNIVERSIDAD POLIT\'ECNICA DE VALENCIA},
year = {2010},
address = {Valencia}
}

@Article{AC2,
author = {A. P\'EREZ-SIERRA AND B. MORA-SALA AND M. LE\'ON AND J. GARC\'IA-JIM\'ENEZ AND P. ABAD-CAMPOS},
title = {Enfermedades causadas por Phytophthora en viveros de plantas ornamentales},
school = {UNIVERSIDAD POLIT\'ECNICA DE VALENCIA},
address = {Valencia},
journal = {Bolet\'in de Sanidad Vegetal Plagas},
year = {2012},
OPTnumber = {38},
OPTpages = {143-156}
}

@Article{AC3,
author = {Jennifer L. Parke AND Brian J. Knaus AND Valerie J. Fieland AND Carrie Lewis AND Niklaus J. Gr\''unwald},
title = {Phytophthora Community Structure Analyses in Oregon Nurseries Inform Systems Approaches to Disease Management},
journal = {PHYTOPATHOLOGY},
year = {2014},
OPTvolume = {104},
OPTnumber = {10},
OPTpages = {1052-1062},
OPTmonth = {10}
}

@Article{AC4,
author = {Lu\'is Matos AND Julio Borb\'on},
title = {El Virus de la Tristeza de los Citricos (CTV) en Plantaciones Comerciales y Viveros de la Rep\'ublica Dominicana},
journal = {CARIBBEAN FOOD CROPS SOCIETY},
year = {2008},
OPTvolume = {44},
OPTnumber = {2},
OPTpages = {204-211},
OPTaddress={Miami, Florida}
}

@MastersThesis{AC5,
author = {Carlos Joel Melgara Maradiaga},
title = {Ocurrencia de Huanglongbing (Candidatus Liberibacter asiaticus) y su vector [Diaphorina citri Kuwayama (Hemiptera: Liviidae)] en viveros de c\'itricos de Masaya},
school = {UNIVERSIDAD NACIONAL AGRARIA},
year = {2018},
OPTaddress = {Managua, Nicaragua},
OPTmonth = {8}
}

@Article{AE1,
author = {Abad Corpa, E. and Leal Llopis and J.,Paredes Sidrach de Cardona, A. and Garc\'ia Palomares, A.},
title = {MONITORIZACI\'ON DEL CUMPLIMIENTO DEL PROTOCOLO DE MANTENIMIENTO DE LA CATETERIZACI\'ON VENOSA MEDIANTE EL M\'ETODO LQAS},
journal = {Enfermer\'ia global},
year = {2004},
OPTnumber = {5},
OPTmonth = {11}
}

@Article{AE2,
author = {Youssef Tawfik and Shamsul Hoque and Mizan Siddiqi},
title = {Using lot quality assurance sampling to improve immunization coverage in Bangladesh},
journal = {Bulletin of the World Health Organization},
year = {2001},
OPTvolume = {79},
OPTnumber = {6},
OPTpages = {501-505}
}

@Article{AE3,
author = {Jos\'e A Andreo and Matilde Barrio and Rosa M Ramos and Miguel Torralba and Faustino Herrero and Pedro J Saturno},
title = {Evaluaci\'on, mejora y monitorizaci\'on de la adecuaci\'on de ingreso y estancia en medicina interna con el muestreo de aceptaci\'on de lotes},
journal = {Revista de Calidad Asistencial},
year = {2000},
OPTvolume = {15},
OPTpages = {88-92}
}

@Article{AE4,
author = {Mark Myatt and Hans Limburg and Darwin Minassian and Damson Katyola},
title = {Field trial of applicability of lot quality assurance sampling survey method for rapid assessment of prevalence of active trachoma},
journal = {Bulletin of the World Health Organization},
year = {2003},
OPTvolume = {81},
OPTpages = {877-885}
}
