@Manual{NTC1486,
	title = {Documentación. Presentación de tesis, trabajos de grado y otros trabajos de investigación},
	author = {{ICONTEC}},
	organization = {Instituto Colombiano de Normas Técnicas y Certificación},
	address = {Apartado 14237, Bogotá D. C.},
	edition = {Sexta},
	month = {Agosto},
	year = {2008},
	}
@Manual{NTC5613,
	title = {Referencias bibliográficas. Contenido, forma y estructura},
	author = {{ICONTEC}},
	organization = {Instituto Colombiano de Normas Técnicas y Certificación},
	address = {Apartado 14237, Bogotá D. C.},
	month = {Julio},
	year = {2008},
	}
@Manual{Harvard:2008,
	title = {The {H}arvard {F}amily of {B}ibliography {S}tyles},
	author = {Peter Williams and Thorsten Schnier},
	month = {Noviembre},
	year = {2008},
	url = {ftp://ftp.tex.ac.uk/tex-archive/macros/latex/contrib/harvard/harvard.pdf},
	}
@Manual{Natbib:2010,
	title = {Natural {S}ciences {C}itations and {R}eferences},
	author = {Patrick W. Daly},
	month = {Septiembre},
	year = {2010},
	url = {ftp://ftp.tex.ac.uk/tex-archive/macros/latex/contrib/natbib/natbib.pdf},
	}
@Manual{Natbib:2010RS,
	title = {Reference sheet for natbib usage (Describing version 8.31b)},
	author = {Patrick W. Daly},
	month = {Septiembre},
	year = {2010},
	url = {ftp://ftp.tex.ac.uk/tex-archive/macros/latex/contrib/natbib/natnotes.pdf},
	}
@Manual{R,
    title = {R: A Language and Environment for Statistical Computing},
    author = {{R Core Team}},
    organization = {R Foundation for Statistical Computing},
    address = {Vienna, Austria},
    year = {2012},
    note = {http://www.R-project.org/},
	}
@Book{Graybill:1976,
	author = {Graybill, Franklin A.},
	title = {Theory and Application of the Linear Model},
	publisher = {Wadsworth \& Brooks},
	address = {Pacific Grove, California},
	year = {1976}
	}
@Book{Draper:Smith:1998,
	author = {Draper, Norman R. and Smith, Harry},
	title = {Applied Regression Analysis},
	edition = {3ra.},
	publisher = {John Wiley \& Sons},
	address = {New York, NY},
	year = {1998}
	}
@Book{Neter:1990,
	author = {Neter, John and Wasserman, William and Kutner, Michael H.},
	title = {Applied Linear Statistical Models},
	publisher = {Irwin},
	address = {Burr Ridge, Illinois},
	year = {1990},
	edition = {3ra.}
	}
@Book{Seber:1977,
	author = {Seber, G. A. F.},
	title = {Linear Regression Analysis},
	publisher = {John Wiley \& Sons},
	address = {New York, NY},
	year = {1977}
	}
@Book{Searle:1971,
	author = {Searle, S. R.},
	title = {Linear Models},
	publisher = {John Wiley \& Sons},
	address = {New York, NY},
	year = {1971}
	}
@ARTICLE{Wood:2003,
	author = {Simon N. Wood},
	title = {Thin-plate regression splines},
	journal = {Journal of the Royal Statistical Society (B)},
	year = {2003},
	volume = {65},
	number = {1},
	pages = {95-114},
	}
@Book{Eubank:1999,
	author = {Eubank, Randall L.},
	title = {Nonparametric Regression and Spline Smoothing},
	edition = {Second},
	publisher = {Marcel Dekker},
	address = {New York, NY},
	year = {1999}
	}
@BOOK{Sarkar:2008,
    title = {Lattice: Multivariate Data Visualization with R},
    author = {Deepayan Sarkar},
    publisher = {Springer},
    address = {New York},
    year = {2008},
    note = {ISBN 978-0-387-75968-5},
    url = {http://lmdvr.r-forge.r-project.org},
  }
  
@PhdThesis{AC1,
author = {Eduardo Vidal Izquierdo},
title = {Epidemiolog\'{i}a de Plum pox virus y Citrus tristeza virus en bloques de plantas de vivero. M\'{e}todos de control},
school = {Universidad Polit\'{e}cnica de Valencia},
year = {2010},
address = {Valencia}
}

@Article{AC2,
author = {A. P\'erez-Sierra and B. Mora-Sala and M. Le\'on and J. Garc\'ia-Jim\'enes AND P. Abad-Campos},
title = {Enfermedades causadas por Phytophthora en viveros de plantas ornamentales},
school = {Universidad Polit\'{e}cnica de Valencia},
address = {Valencia},
journal = {Bolet\'in de Sanidad Vegetal Plagas},
year = {2012},
number = {38},
pages = {143-156}
}

@Article{AC3,
author = {Jennifer L. Parke AND Brian J. Knaus AND Valerie J. Fieland AND Carrie Lewis AND Niklaus J. Gr\"unwald},
title = {Phytophthora Community Structure Analyses in Oregon Nurseries Inform Systems Approaches to Disease Management},
journal = {Phytopathology},
year = {2014},
volume = {104},
number = {10},
pages = {1052-1062},
month = {10}
}

@Article{AC4,
author = {Lu\'is Matos AND Julio Borb\'on},
title = {El Virus de la Tristeza de los Citricos (CTV) en Plantaciones Comerciales y Viveros de la Rep\'ublica Dominicana},
journal = {Caribbean Food Crops Society},
year = {2008},
volume = {44},
number = {2},
pages = {204-211},
address={Miami, Florida}
}

@MastersThesis{AC5,
author = {Carlos Joel Melgara Maradiaga},
title = {Ocurrencia de Huanglongbing (Candidatus Liberibacter asiaticus) y su vector [Diaphorina citri Kuwayama (Hemiptera: Liviidae)] en viveros de c\'itricos de Masaya},
school = {Universidad Nacional Agraria},
year = {2018},
address = {Managua, Nicaragua},
month = {8}
}

@Article{AE1,
author = {Abad Corpa, E. and Leal Llopis and J.,Paredes Sidrach de Cardona, A. and Garc\'ia Palomares, A.},
title = {Monitorizaci\'on del cumplimiento del protocolo de mantenimiento de la cateterizaci\'on venosa mediante el m\'etodo LQAS},
journal = {Enfermer\'ia global},
year = {2004},
number = {5},
month = {11}
}

@Article{AE2,
author = {Youssef Tawfik and Shamsul Hoque and Mizan Siddiqi},
title = {Using lot quality assurance sampling to improve immunization coverage in Bangladesh},
journal = {Bulletin of the World Health Organization},
year = {2001},
volume = {79},
number = {6},
pages = {501-505}
}

@Article{AE3,
author = {Jos\'e A Andreo and Matilde Barrio and Rosa M Ramos and Miguel Torralba and Faustino Herrero and Pedro J Saturno},
title = {Evaluaci\'on, mejora y monitorizaci\'on de la adecuaci\'on de ingreso y estancia en medicina interna con el muestreo de aceptaci\'on de lotes},
journal = {Revista de Calidad Asistencial},
year = {2000},
volume = {15},
pages = {88-92}
}

@Article{AE4,
author = {Mark Myatt and Hans Limburg and Darwin Minassian and Damson Katyola},
title = {Field trial of applicability of lot quality assurance sampling survey method for rapid assessment of prevalence of active trachoma},
journal = {Bulletin of the World Health Organization},
year = {2003},
volume = {81},
pages = {877-885}
}

@Book{AE5,
author = {Nicholas Squeglia},
title = {Zero Acceptance Number Sampling Plans},
publisher = {American Society for Quality},
year = {2008}
}


@TechReport{CTV,
title = {PD 15:
Virus de la tristeza
de los cítricos},
institution = {Convención Internacional de Protección Fitosanitaria (CIPF)},
year = {2016},
}

@TechReport{HLB,
title = {HLB: Aspectos generales de la enfermedad},
author={Elena Pérez Faggiani},
institution = {Instituto Nacional de Investigación Agropecuaria},
year = {2009},
}

@TechReport{EXO,
title = {La exocortis de los citricos: Su control en las nuevas plantaciones},
author={N. Durán-Vila},
institution = {Instituto Valenciano de Investigaciones Agrarias},
}

@TechReport{MUES,
title = {NIMF n. 31 metodolog\'ias para muestreo de env\'{i}os},
institution = {Convenci\'on Internacional de Protecci\'on Fitosanitaria},
year={2008},
}

@Book{M,
author = {C\'esar P\'erez},
title = {T\'ecnicas de muestreo estad\'istico},
year = {2010},
pages={119-166}
}

@Book{ACEP,
author = {Arturo Ruiz-Falc\'o Rojas},
title = {Muestreos de aceptaci\'on},
year = {2006},
address = {Madrid},
month = {02},
institution={Universidad Pontificia Comillas}
}

@Misc{LEP,
title = {Leprosis de los C\'itricos ``PRC" (Citrus leprosis virus)},
howpublished = {\url{http://www.cesvver.org.mx/leprosis-de-los-citricos-prc-citrus-leprosis-virus/}},
institution = {Comit\'e estatal de sanidad vegetal de Veracruz},
}

@Book{OPE,
author = {Roberto Carro Paz \& Daniel Gonz\'alez G\'omez},
title = {Administraci\'on de las operaciones: Muestreo de aceptaci\'on},
institution={Universidad Nacional de Mar de Plata}
}


